<record><leader>00000cas a2200000 a 4500</leader><controlfield tag="001">11246590</controlfield><controlfield tag="008">841010d18861966kyuwr ne      0    0eng d</controlfield><datafield ind1=" " ind2=" " tag="010"><subfield code="a">sn 84027534 </subfield></datafield><datafield ind1=" " ind2=" " tag="040"><subfield code="a">NPU</subfield><subfield code="b">eng</subfield><subfield code="c">NPU</subfield><subfield code="d">KNP</subfield><subfield code="d">OCL</subfield><subfield code="d">OCLCQ</subfield></datafield><datafield ind1=" " ind2=" " tag="042"><subfield code="a">msc</subfield></datafield><datafield ind1="0" ind2="4" tag="245"><subfield code="a">The Kentuckian-citizen.</subfield></datafield><datafield ind1=" " ind2=" " tag="260"><subfield code="a">Paris, Ky. :</subfield><subfield code="b">Craddock &amp; Remington,</subfield><subfield code="c">1886-1966.</subfield></datafield><datafield ind1=" " ind2=" " tag="300"><subfield code="a">v. :</subfield><subfield code="b">ill. ;</subfield><subfield code="c">56 cm.</subfield></datafield><datafield ind1=" " ind2=" " tag="310"><subfield code="a">Weekly</subfield></datafield><datafield ind1=" " ind2=" " tag="321"><subfield code="a">Weekly,</subfield><subfield code="b">1886-1899</subfield></datafield><datafield ind1=" " ind2=" " tag="321"><subfield code="a">Semiweekly,</subfield><subfield code="b">1899-1950</subfield></datafield><datafield ind1="0" ind2=" " tag="362"><subfield code="a">Sept. 8, 1886- ; -v. 160, no. 34 (Aug. 25, 1966).</subfield></datafield><datafield ind1=" " ind2=" " tag="515"><subfield code="a">Later issues have volume and numbering designations.</subfield></datafield><datafield ind1=" " ind2=" " tag="580"><subfield code="a">Merged with: Paris advertiser (non-extant), to form: Paris advertiser and Kentuckian-citizen.</subfield></datafield><datafield ind1=" " ind2="4" tag="651"><subfield code="a">Paris (Ky.)</subfield><subfield code="v">Newspapers.</subfield></datafield><datafield ind1=" " ind2="4" tag="651"><subfield code="a">Bourbon County (Ky.)</subfield><subfield code="v">Newspapers.</subfield></datafield><datafield ind1=" " ind2=" " tag="752"><subfield code="a">United States</subfield><subfield code="b">Kentucky</subfield><subfield code="c">Bourbon</subfield><subfield code="d">Paris.</subfield></datafield><datafield ind1="0" ind2="4" tag="780"><subfield code="t">Western citizen</subfield><subfield code="w">(DLC)sn 82014663</subfield></datafield><datafield ind1="0" ind2="4" tag="780"><subfield code="t">Paris Kentuckian</subfield><subfield code="w">(DLC)sn 84027424</subfield></datafield><datafield ind1="0" ind2="5" tag="780"><subfield code="t">Nicholas County star</subfield><subfield code="w">(DLC)sn 86069881</subfield><subfield code="g">July 1963</subfield></datafield><datafield ind1="1" ind2="7" tag="785"><subfield code="t">Paris advertiser</subfield></datafield><datafield ind1="1" ind2="7" tag="785"><subfield code="t">Paris advertiser and Kentuckian-citizen</subfield><subfield code="w">(DLC)sn 86069882</subfield></datafield><datafield ind1="1" ind2=" " tag="029"><subfield code="a">AU@</subfield><subfield code="b">000020340182</subfield></datafield></record>